@inproceedings{deb2018,
  author={D. Deb and N. Nain and A. K. Jain},
  booktitle={Proc. IEEE Int. Conf. Biometrics (ICB)},
  title={Longitudinal Study of Child Face Recognition},
  year={2018},
  pages={225-232},
  address={Gold Coast, Australia},
  month={Feb.}
}

@inproceedings{bahmani2023,
  author={K. Bahmani and S. Singh and S. Schuckers},
  booktitle={Proc. IEEE Int. Workshop Biometrics Forensics (IWBF)},
  title={Longitudinal Evaluation of Child Face Recognition and the Impact of Underlying Age},
  year={2023},
  pages={1-9},
  address={Barcelona, Spain},
  month={Apr.}
}

@article{ferrari2004,
  author={S. Ferrari and F. Cribari-Neto},
  journal={J. Appl. Stat.},
  title={Beta Regression for Modelling Rates and Proportions},
  year={2004},
  volume={31},
  number={7},
  pages={799-815},
  month={Aug.}
}

@article{bestrowden2018,
  author={L. Best-Rowden and A. K. Jain},
  journal={IEEE Trans. Pattern Anal. Mach. Intell.},
  title={Longitudinal Study of Automatic Face Recognition},
  year={2018},
  volume={40},
  number={1},
  pages={148-162},
  month={Jan.}
}

@book{harrell2015,
  author={F. E. Harrell Jr.},
  title={Regression Modeling Strategies},
  year={2015},
  edition={2nd},
  publisher={Springer},
  address={New York, NY, USA}
}

@book{farkas1994,
  author={L. G. Farkas},
  title={Anthropometry of the Head and Face},
  year={1994},
  edition={2nd},
  publisher={Raven Press},
  address={New York, NY, USA}
}

@article{cribari2010,
  author={F. Cribari-Neto and A. Zeileis},
  journal={J. Stat. Softw.},
  title={Beta Regression in {R}},
  year={2010},
  volume={34},
  number={2},
  pages={1-24},
  month={Apr.}
}

@article{brooks2017,
  author={M. E. Brooks and K. Kristensen and K. J. van Benthem and A. Magnusson and C. W. Berg and A. Nielsen and H. J. Skaug and M. Maechler and B. M. Bolker},
  journal={R J.},
  title={{glmmTMB} Balances Speed and Flexibility Among Packages for Zero-inflated Generalized Linear Mixed Modeling},
  year={2017},
  volume={9},
  number={2},
  pages={378-400},
  month={Dec.}
}

@article{burkner2017,
  author={P. B{\"u}rkner},
  journal={J. Stat. Softw.},
  title={{brms}: An {R} Package for {B}ayesian Multilevel Models Using {S}tan},
  year={2017},
  volume={80},
  number={1},
  pages={1-28},
  month={Aug.}
}

@article{huang2023,
  author={Z. Huang and J. Zhang and H. Shan},
  journal={IEEE Trans. Pattern Anal. Mach. Intell.},
  title={When Age-Invariant Face Recognition Meets Face Age Synthesis: A Multi-Task Learning Framework},
  year={2023},
  volume={45},
  number={6},
  pages={7917-7932},
  doi={10.1109/TPAMI.2022.3217882}
}

@article{yoon2015,
  author={S. Yoon and A. K. Jain},
  journal={Proc. Natl. Acad. Sci. USA},
  title={Longitudinal study of fingerprint recognition},
  year={2015},
  volume={112},
  number={28},
  pages={8555-8560},
  doi={10.1073/pnas.1410272112}
}

@article{hunger2012,
  author={M. Hunger and A. Döring and R. Holle},
  journal={BMC Med. Res. Methodol.},
  title={Longitudinal beta regression models for analyzing health-related quality of life scores over time},
  year={2012},
  volume={12},
  pages={144},
  doi={10.1186/1471-2288-12-144}
}

@article{wu2011,
  author={J. C. Wu and A. F. Martin and R. N. Kacker and C. R. Hagwood},
  journal={J. Res. Natl. Inst. Stand. Technol.},
  title={Measures, Uncertainties, and Significance Test in Operational {ROC} Analysis},
  year={2011},
  volume={116},
  number={2},
  pages={517-537},
  doi={10.6028/jres.116.008}
}

@article{smithson2006,
  author={M. Smithson and J. Verkuilen},
  journal={Psychol. Methods},
  title={A better lemon squeezer? {M}aximum-likelihood regression with beta-distributed dependent variables},
  year={2006},
  volume={11},
  number={1},
  pages={54-71},
  doi={10.1037/1082-989X.11.1.54}
}

@article{schlett2024,
  author={T. Schlett and C. Rathgeb and J. E. Tapia and C. Busch},
  journal={IEEE Trans. Biom. Behav. Identity Sci.},
  title={Considerations on the Evaluation of Biometric Quality Assessment Algorithms},
  year={2024},
  volume={6},
  number={1},
  pages={54-67},
  doi={10.1109/TBIOM.2023.3336513}
}

@inproceedings{bestrowden2013,
  author={L. Best-Rowden and B. Klare and J. Klontz and A. K. Jain},
  booktitle={Proc. IEEE Int. Conf. Biometric Forensics Security (BIFS)},
  title={Relating {ROC} and {CMC} curves via the biometric menagerie},
  year={2013},
  pages={1-8},
  doi={10.1109/BIFS.2013.6712705}
}

@inproceedings{adler2005,
  author={A. Adler and M. E. Schuckers},
  booktitle={Audio- and Video-Based Biometric Person Authentication},
  title={Calculation of a Composite {DET} Curve},
  year={2005},
  volume={3546},
  pages={756-765},
  doi={10.1007/11527923_90}
}

@techreport{garris2005,
  author={M. D. Garris and C. L. Wilson},
  title={{NIST} Biometric Evaluations and Developments},
  institution={National Institute of Standards and Technology},
  type={NIST Interagency Report},
  number={7204},
  year={2005},
  doi={10.6028/NIST.IR.7204}
}

@incollection{richiardi2011,
  author={J. Richiardi and K. Kryszczuk},
  title={Biometric Systems Evaluation},
  booktitle={Encyclopedia of Cryptography and Security},
  publisher={Springer},
  year={2011},
  doi={10.1007/978-1-4419-5906-5_729}
}

@article{figueroa2013,
  author={J. I. Figueroa-Zúñiga and R. B. Arellano-Valle and S. L. P. Ferrari},
  journal={Comput. Stat. Data Anal.},
  title={Mixed beta regression: A {B}ayesian perspective},
  year={2013},
  volume={61},
  pages={137-147},
  doi={10.1016/j.csda.2012.12.002}
}

@article{ospina2012,
  author={R. Ospina and S. L. P. Ferrari},
  journal={Comput. Stat. Data Anal.},
  title={A general class of zero-or-one inflated beta regression models},
  year={2012},
  volume={56},
  number={6},
  pages={1609-1623},
  doi={10.1016/j.csda.2011.09.025}
}

@article{asar2020,
  author={\"{O}. Asar and D. Bolin and P. J. Diggle and J. Wallin},
  journal={J. R. Stat. Soc. C},
  title={Linear Mixed Effects Models for Non-{G}aussian Continuous Repeated Measurement Data},
  year={2020},
  volume={69},
  number={5},
  pages={1015-1065},
  doi={10.1111/rssc.12405}
}

@article{falkenberg2024,
  author={M. Falkenberg and A. B. Ottsen and M. Ibsen and C. Rathgeb},
  journal={Front. Signal Process.},
  title={Child Face Recognition at Scale: Synthetic Data Generation and Performance Benchmark},
  year={2024},
  volume={4},
  pages={1308505},
  doi={10.3389/frsip.2024.1308505}
}

@inproceedings{deb2021missing,
  author={D. Deb and D. Aggarwal and A. K. Jain},
  booktitle={Proc. IEEE Int. Conf. Pattern Recognit. (ICPR)},
  title={Identifying Missing Children: Face Age-Progression via Deep Feature Aging},
  year={2021},
  pages={10540-10547},
  doi={10.1109/ICPR48806.2021.9411913}
}

@article{lee2021,
  author={J. Lee and J. Hong and Y. Kwon and J. Choo},
  journal={arXiv preprint},
  title={Improving Face Recognition with Large Age Gaps by Learning to Distinguish Children},
  year={2021},
  doi={10.48550/arXiv.2110.11630}
}

@article{bahmani2022,
  author={K. Bahmani and S. Schuckers},
  journal={arXiv preprint},
  title={Face Recognition In Children: A Longitudinal Study},
  year={2022},
  doi={10.48550/arXiv.2204.01760}
}

@article{laird1982,
  author={N. M. Laird and J. H. Ware},
  journal={Biometrics},
  title={Random-effects models for longitudinal data},
  year={1982},
  volume={38},
  number={4},
  pages={963-974},
  doi={10.2307/2529876}
}

@techreport{wu2008,
  author={J. C. Wu},
  title={Operational Measures and Accuracies of {ROC} Curve on Large Fingerprint Data Sets},
  institution={National Institute of Standards and Technology},
  type={NIST Interagency Report},
  number={7495},
  year={2008}
}

@inproceedings{aykac2024,
  author={D. Aykac and others},
  booktitle={Proc. IEEE Int. Joint Conf. Biometrics (IJCB)},
  title={Long-Range Biometric Identification in Real World Scenarios},
  year={2024},
  pages={1-8},
  doi={10.1109/IJCB57857.2024.10744482}
}

@article{raghavendra2015,
  author={R. Raghavendra and K. B. Raja and C. Busch},
  journal={IEEE Trans. Inf. Forensics Security},
  title={Robust Scheme for Iris Presentation Attack Detection},
  year={2015},
  volume={10},
  number={4},
  pages={703-718},
  doi={10.1109/TIFS.2015.2400393}
}

@article{li2024,
  author={J. Li and L. Zhou and J. Chen},
  journal={Neural Comput. Appl.},
  title={Age-invariant face network ({AFN}): a discriminative model towards age-invariant face recognition},
  year={2024},
  volume={36},
  number={22},
  pages={13689-13702},
  doi={10.1007/s00521-024-09752-5}
}